Ticker,Name,Date,Sector,Industry,3M Future Change,TaxEffectOfUnusualItems,TaxRateForCalcs,NormalizedEBITDA,TotalUnusualItems,TotalUnusualItemsExcludingGoodwill,NetIncomeFromContinuingOperationNetMinorityInterest,ReconciledDepreciation,ReconciledCostOfRevenue,EBITDA,EBIT,NetInterestIncome,InterestExpense,InterestIncome,NormalizedIncome,NetIncomeFromContinuingAndDiscontinuedOperation,TotalExpenses,TotalOperatingIncomeAsReported,DilutedAverageShares,BasicAverageShares,DilutedEPS,BasicEPS,DilutedNIAvailtoComStockholders,NetIncomeCommonStockholders,NetIncome,NetIncomeIncludingNoncontrollingInterests,NetIncomeContinuousOperations,TaxProvision,PretaxIncome,OtherIncomeExpense,EarningsFromEquityInterest,GainOnSaleOfSecurity,NetNonOperatingInterestIncomeExpense,TotalOtherFinanceCost,InterestExpenseNonOperating,InterestIncomeNonOperating,OperatingIncome,OperatingExpense,OtherOperatingExpenses,ResearchAndDevelopment,SellingGeneralAndAdministration,SellingAndMarketingExpense,GeneralAndAdministrativeExpense,OtherGandA,GrossProfit,CostOfRevenue,TotalRevenue,OperatingRevenue,OtherNonOperatingIncomeExpenses
NOVO-B.CO,Novo Nordisk B A/S,2025-06-30,Healthcare,Drug Manufacturers - General,,0.0,0.216004,43596000000.0,,,26503000000.0,4833000000.0,12846000000.0,43596000000.0,38763000000.0,356000000.0,4958000000.0,5314000000.0,26503000000.0,26503000000.0,43408000000.0,33449000000.0,4446812081.0,4446812081.0,5.96,5.96,26503000000.0,26503000000.0,26503000000.0,26503000000.0,26503000000.0,7302000000.0,33805000000.0,,,,356000000.0,,4958000000.0,5314000000.0,33449000000.0,30562000000.0,23000000.0,11690000000.0,18849000000.0,17533000000.0,1316000000.0,1316000000.0,64011000000.0,12846000000.0,76857000000.0,76857000000.0,
NOVO-B.CO,Novo Nordisk B A/S,2025-03-31,Healthcare,Drug Manufacturers - General,-0.06428263617316576,0.0,0.216,46046000000.0,,,29034000000.0,3830000000.0,12890000000.0,46046000000.0,42216000000.0,-1758000000.0,5183000000.0,3425000000.0,29034000000.0,29034000000.0,39296000000.0,38791000000.0,4446400000.0,4439500000.0,6.53,6.54,29034000000.0,29034000000.0,29034000000.0,29034000000.0,29034000000.0,7999000000.0,37033000000.0,,,,-1758000000.0,,5183000000.0,3425000000.0,38791000000.0,26406000000.0,-14000000.0,10308000000.0,16112000000.0,14892000000.0,1220000000.0,1220000000.0,65197000000.0,12890000000.0,78087000000.0,78087000000.0,
NOVO-B.CO,Novo Nordisk B A/S,2024-12-31,Healthcare,Drug Manufacturers - General,-0.23477813326578378,-214240000.0,0.206,138416000000.0,-1040000000.0,-1040000000.0,100988000000.0,8545000000.0,44522000000.0,137376000000.0,128831000000.0,-91000000.0,1640000000.0,1838000000.0,101813760000.0,100988000000.0,162064000000.0,128339000000.0,4463000000.0,4453900000.0,22.63,22.67,100988000000.0,100988000000.0,100988000000.0,100988000000.0,100988000000.0,26203000000.0,127191000000.0,-1057000000.0,-17000000.0,-1040000000.0,-91000000.0,289000000.0,1640000000.0,1838000000.0,128339000000.0,117542000000.0,2103000000.0,48062000000.0,67377000000.0,62101000000.0,5276000000.0,5276000000.0,245881000000.0,44522000000.0,290403000000.0,680563000000.0,
NOVO-B.CO,Novo Nordisk B A/S,2024-09-30,Healthcare,Drug Manufacturers - General,-0.20665984543143,0.0,0.206,37355000000.0,,,27301000000.0,2150000000.0,11308000000.0,37355000000.0,35205000000.0,562000000.0,821000000.0,1383000000.0,27301000000.0,27301000000.0,37489000000.0,33822000000.0,4460500000.0,4452300000.0,6.12,6.13,27301000000.0,27301000000.0,27301000000.0,27301000000.0,27301000000.0,7083000000.0,34384000000.0,,,,562000000.0,,821000000.0,1383000000.0,33822000000.0,26181000000.0,101000000.0,9488000000.0,16592000000.0,15210000000.0,1382000000.0,1382000000.0,60003000000.0,11308000000.0,71311000000.0,71311000000.0,
NOVO-B.CO,Novo Nordisk B A/S,2024-06-30,Healthcare,Drug Manufacturers - General,-0.20487736856235905,0.0,0.208511,35739000000.0,,,20050000000.0,8845000000.0,10274000000.0,35739000000.0,26894000000.0,-602000000.0,1562000000.0,960000000.0,20050000000.0,20050000000.0,42126000000.0,25934000000.0,4465478842.0,4455555556.0,4.49,4.5,20050000000.0,20050000000.0,20050000000.0,20050000000.0,20050000000.0,5282000000.0,25332000000.0,,,,-602000000.0,,1562000000.0,960000000.0,25934000000.0,31852000000.0,-405000000.0,16166000000.0,16091000000.0,14934000000.0,1157000000.0,1157000000.0,57786000000.0,10274000000.0,68060000000.0,68060000000.0,
NOVO-B.CO,Novo Nordisk B A/S,2023-12-31,Healthcare,Drug Manufacturers - General,0.2827388276187608,339489000.0,0.201,112940000000.0,1689000000.0,1689000000.0,83683000000.0,9413000000.0,35765000000.0,114629000000.0,105216000000.0,330000000.0,542000000.0,1069000000.0,82333489000.0,83683000000.0,129687000000.0,102574000000.0,4494800000.0,4482800000.0,18.62,18.67,83683000000.0,83683000000.0,83683000000.0,83683000000.0,83683000000.0,20991000000.0,104674000000.0,1770000000.0,81000000.0,1689000000.0,330000000.0,197000000.0,542000000.0,1069000000.0,102574000000.0,93922000000.0,-119000000.0,32443000000.0,61598000000.0,56743000000.0,4855000000.0,4855000000.0,196496000000.0,35765000000.0,232261000000.0,608645000000.0,
NOVO-B.CO,Novo Nordisk B A/S,2022-12-31,Healthcare,Drug Manufacturers - General,0.16675869299981394,-1026648000.0,0.196,82040000000.0,-5238000000.0,-5238000000.0,55525000000.0,7362000000.0,28448000000.0,76802000000.0,69440000000.0,-320000000.0,378000000.0,239000000.0,59736352000.0,55525000000.0,102145000000.0,74809000000.0,4544600000.0,4530600000.0,12.22,12.26,55525000000.0,55525000000.0,55525000000.0,55525000000.0,55525000000.0,13537000000.0,69062000000.0,-5427000000.0,-189000000.0,-5238000000.0,-320000000.0,181000000.0,378000000.0,239000000.0,74809000000.0,73697000000.0,-1034000000.0,24047000000.0,50684000000.0,46217000000.0,4467000000.0,4467000000.0,148506000000.0,28448000000.0,176954000000.0,455692000000.0,
NOVO-B.CO,Novo Nordisk B A/S,2021-12-31,Healthcare,Drug Manufacturers - General,0.028634365678808837,122880000.0,0.192,64754000000.0,640000000.0,640000000.0,47757000000.0,6025000000.0,23658000000.0,65394000000.0,59369000000.0,-180000000.0,289000000.0,231000000.0,47239880000.0,47757000000.0,82156000000.0,58644000000.0,4605303761.0,4594227994.0,10.37,10.395,47757000000.0,47757000000.0,47757000000.0,47757000000.0,47757000000.0,11323000000.0,59080000000.0,616000000.0,-24000000.0,640000000.0,-180000000.0,122000000.0,289000000.0,231000000.0,58644000000.0,58498000000.0,-332000000.0,17772000000.0,41058000000.0,37008000000.0,4050000000.0,4050000000.0,117142000000.0,23658000000.0,140800000000.0,340180000000.0,
RDDT,"Reddit, Inc.",2025-06-30,Communication Services,Internet Content & Information,,0.0,0.21,71645000.0,,,89297000.0,3934000.0,45900000.0,71645000.0,67711000.0,,,,89297000.0,89297000.0,431916000.0,67711000.0,,,,,89297000.0,89297000.0,89297000.0,89297000.0,89297000.0,-439000.0,88858000.0,21147000.0,,,,,,,67711000.0,386016000.0,,196610000.0,189406000.0,120619000.0,68787000.0,68787000.0,453727000.0,45900000.0,499627000.0,464785000.0,21147000.0
RDDT,"Reddit, Inc.",2025-03-31,Communication Services,Internet Content & Information,0.4353670651479735,0.0,0.4,7866000.0,,,26158000.0,3963000.0,37089000.0,7866000.0,3903000.0,,,,26158000.0,26158000.0,388458000.0,3903000.0,201275223.0,182024207.0,0.13,0.14,26158000.0,26158000.0,26158000.0,26158000.0,26158000.0,-1721000.0,24437000.0,20534000.0,,,,,,,3903000.0,351369000.0,,191271000.0,160098000.0,90685000.0,69413000.0,69413000.0,355272000.0,37089000.0,392361000.0,358630000.0,20534000.0
RDDT,"Reddit, Inc.",2024-12-31,Communication Services,Internet Content & Information,-0.3266642106713681,0.0,0.001,-544925000.0,,,-484276000.0,15643000.0,123595000.0,-544925000.0,-560568000.0,,,,-484276000.0,-484276000.0,1860773000.0,-560568000.0,145472389.0,145472389.0,-3.33,-3.33,-484276000.0,-484276000.0,-484276000.0,-484276000.0,-484276000.0,-931000.0,-485207000.0,75361000.0,,,,,,,-560568000.0,1737178000.0,,935152000.0,802026000.0,350579000.0,451447000.0,451447000.0,1176610000.0,123595000.0,1300205000.0,1185456000.0,75361000.0
RDDT,"Reddit, Inc.",2024-09-30,Communication Services,Internet Content & Information,1.5110740803581741,0.0,0.21,10823000.0,,,29853000.0,3969000.0,34633000.0,10823000.0,6854000.0,,,,29853000.0,29853000.0,341497000.0,6854000.0,192322916.0,169169922.0,0.16,0.18,29853000.0,29853000.0,29853000.0,29853000.0,29853000.0,-31000.0,29822000.0,22968000.0,,,,,,,6854000.0,306864000.0,,166701000.0,140163000.0,74510000.0,65653000.0,65653000.0,313718000.0,34633000.0,348351000.0,315104000.0,22968000.0
RDDT,"Reddit, Inc.",2024-06-30,Communication Services,Internet Content & Information,0.0499296051319591,0.0,0.02094,-27269000.0,,,-10099000.0,3770000.0,29501000.0,-27269000.0,-31039000.0,,,,-10099000.0,-10099000.0,312223000.0,-31039000.0,164383000.0,164383000.0,-0.06,-0.06,-10099000.0,-10099000.0,-10099000.0,-10099000.0,-10099000.0,-216000.0,-10315000.0,20724000.0,,,,,,,-31039000.0,282722000.0,,142777000.0,139945000.0,71458000.0,68487000.0,68487000.0,251683000.0,29501000.0,281184000.0,253125000.0,20724000.0
